[gd_scene load_steps=5 format=2]

[ext_resource path="res://scenes/utils/LevelComponents.tscn" type="PackedScene" id=1]
[ext_resource path="res://shaders/world-1.shader" type="Shader" id=2]
[ext_resource path="res://scenes/agents/SimpleEnemyP.tscn" type="PackedScene" id=3]

[sub_resource type="ShaderMaterial" id=1]
shader = ExtResource( 2 )
shader_param/level = 4.0

[node name="root" type="Node2D"]

[node name="LevelComponents" parent="." instance=ExtResource( 1 )]

[node name="KeyR" parent="LevelComponents" index="0"]
position = Vector2( 2, -928 )

[node name="KeyG" parent="LevelComponents" index="1"]
visible = false
picked = true

[node name="KeyB" parent="LevelComponents" index="2"]
visible = false
picked = true

[node name="Portal" parent="LevelComponents" index="3"]
position = Vector2( 2, -352 )

[node name="ParallaxLayer" parent="LevelComponents/ParallaxBackground" index="0"]
visible = true

[node name="Sprite" parent="LevelComponents/ParallaxBackground/ParallaxLayer" index="0"]
material = SubResource( 1 )

[node name="TileMap" parent="LevelComponents" index="7"]
tile_data = PoolIntArray( -524289, 6, 0, -589824, 7, 0, -458754, 6, 0, -458753, 9, 0, -524288, 8, 0, -524287, 7, 0, -393219, 6, 0, -393218, 9, 0, -458751, 8, 0, -458750, 7, 0, -327684, 6, 0, -327683, 9, 0, -393214, 8, 0, -393213, 7, 0, -262148, 0, 0, -327677, 0, 0, -196612, 0, 0, -262141, 0, 0, -131076, 0, 0, -196605, 0, 0, -65540, 0, 0, -131069, 0, 0, -4, 8, 0, -3, 7, 0, -65534, 6, 0, -65533, 9, 0, 65533, 8, 0, 65534, 7, 0, 1, 6, 0, 2, 9, 0, 131070, 8, 0, 131071, 7, 0, 65536, 6, 0, 65537, 9, 0, 196607, 8, 0, 131072, 9, 0 )

[node name="GameController" parent="LevelComponents" index="8"]
next_scene = "res://scenes/world-1/level1-5.tscn"

[node name="ColorRect" parent="LevelComponents/GameController/Background" index="0"]
color = Color( 0.109804, 0, 0, 1 )

[node name="PimpleEnemyP" parent="." instance=ExtResource( 3 )]
position = Vector2( 2, -932 )


[editable path="LevelComponents"]

[editable path="LevelComponents/Portal"]
