[gd_scene load_steps=6 format=2]

[ext_resource path="res://scenes/utils/LevelComponents.tscn" type="PackedScene" id=1]
[ext_resource path="res://shaders/world-1.shader" type="Shader" id=2]
[ext_resource path="res://scenes/agents/SimpleEnemyP.tscn" type="PackedScene" id=3]
[ext_resource path="res://scenes/agents/SimpleEnemyN.tscn" type="PackedScene" id=4]

[sub_resource type="ShaderMaterial" id=1]
shader = ExtResource( 2 )
shader_param/level = 3.0

[node name="root" type="Node2D"]

[node name="LevelComponents" parent="." instance=ExtResource( 1 )]

[node name="KeyR" parent="LevelComponents" index="0"]
visible = false
picked = true

[node name="KeyG" parent="LevelComponents" index="1"]
visible = false
picked = true

[node name="KeyB" parent="LevelComponents" index="2"]
visible = false
picked = true

[node name="Portal" parent="LevelComponents" index="3"]
position = Vector2( 64, -1120 )

[node name="Camera2D" parent="LevelComponents" index="4"]
position = Vector2( 64, 0 )

[node name="Player" parent="LevelComponents" index="5"]
position = Vector2( 64, 0 )

[node name="ParallaxLayer" parent="LevelComponents/ParallaxBackground" index="0"]
visible = true

[node name="Sprite" parent="LevelComponents/ParallaxBackground/ParallaxLayer" index="0"]
material = SubResource( 1 )

[node name="TileMap" parent="LevelComponents" index="7"]
tile_data = PoolIntArray( -589825, 3, 0, -655360, 1, 0, -655359, 5, 0, -524289, 0, 0, -589823, 0, 0, -458753, 0, 0, -524287, 0, 0, -393217, 0, 0, -458751, 0, 0, -327681, 0, 0, -393215, 0, 0, -262147, 3, 0, -262146, 1, 0, -262145, 4, 0, -327679, 2, 0, -327678, 1, 0, -327677, 5, 0, -196611, 0, 0, -262141, 0, 0, -131075, 0, 0, -196605, 0, 0, -65539, 0, 0, -131072, 1, 0, -131069, 0, 0, -3, 0, 0, -65533, 0, 0, 65533, 0, 0, 3, 0, 0, 131069, 2, 0, 131070, 1, 0, 131071, 1, 0, 65536, 1, 0, 65537, 1, 0, 65538, 1, 0, 65539, 4, 0 )

[node name="GameController" parent="LevelComponents" index="8"]
next_scene = "res://scenes/world-1/level1-4.tscn"

[node name="ColorRect" parent="LevelComponents/GameController/Background" index="0"]
color = Color( 0.0823529, 0, 0, 1 )

[node name="PimpleEnemyP" parent="." instance=ExtResource( 3 )]
position = Vector2( 64, -1040 )

[node name="SimpleEnemyN" parent="." instance=ExtResource( 4 )]
position = Vector2( 336, -464 )


[editable path="LevelComponents"]

[editable path="LevelComponents/Portal"]
