[gd_scene load_steps=64 format=2]

[ext_resource path="res://scripts/title-screen.gd" type="Script" id=1]
[ext_resource path="res://bgm/edm-final.ogg" type="AudioStream" id=2]
[ext_resource path="res://materials/pulsing-neon-font.tres" type="Material" id=3]
[ext_resource path="res://sprites/UI/background.png" type="Texture" id=4]
[ext_resource path="res://sprites/UI/grid.png" type="Texture" id=5]
[ext_resource path="res://sprites/text/posi.png" type="Texture" id=6]
[ext_resource path="res://sprites/text/tron.png" type="Texture" id=7]
[ext_resource path="res://scripts/title-menu.gd" type="Script" id=8]
[ext_resource path="res://fonts/title-font.tres" type="DynamicFont" id=9]
[ext_resource path="res://materials/pulsing-neon-instruction.tres" type="Material" id=10]
[ext_resource path="res://sprites/text/arrows.png" type="Texture" id=11]
[ext_resource path="res://sprites/text/stick.png" type="Texture" id=12]
[ext_resource path="res://sprites/text/space-bar.png" type="Texture" id=13]
[ext_resource path="res://sprites/text/buttonA.png" type="Texture" id=14]
[ext_resource path="res://sprites/text/buttonX.png" type="Texture" id=15]
[ext_resource path="res://sprites/text/move.png" type="Texture" id=16]
[ext_resource path="res://sprites/text/action.png" type="Texture" id=17]
[ext_resource path="res://scripts/controls-menu.gd" type="Script" id=18]
[ext_resource path="res://scripts/world-menu.gd" type="Script" id=19]
[ext_resource path="res://bgm/world1-final.ogg" type="AudioStream" id=20]
[ext_resource path="res://bgm/world2-final.ogg" type="AudioStream" id=21]
[ext_resource path="res://bgm/world3-final.ogg" type="AudioStream" id=22]
[ext_resource path="res://bgm/world4-final.ogg" type="AudioStream" id=23]
[ext_resource path="res://materials/pulsing-neon.tres" type="Material" id=24]
[ext_resource path="res://sprites/worlds/arrow-left.png" type="Texture" id=25]
[ext_resource path="res://sprites/worlds/world1.png" type="Texture" id=26]
[ext_resource path="res://sprites/worlds/arrow-right.png" type="Texture" id=27]
[ext_resource path="res://sprites/text/agameby.png" type="Texture" id=28]
[ext_resource path="res://sprites/text/nihil.png" type="Texture" id=29]
[ext_resource path="res://sprites/worlds/world1-1.png" type="Texture" id=30]
[ext_resource path="res://sprites/worlds/world1-2.png" type="Texture" id=31]
[ext_resource path="res://sprites/worlds/world1-3.png" type="Texture" id=32]
[ext_resource path="res://sprites/worlds/world1-4.png" type="Texture" id=33]
[ext_resource path="res://sprites/worlds/world1-5.png" type="Texture" id=34]
[ext_resource path="res://sprites/worlds/world1-6.png" type="Texture" id=35]
[ext_resource path="res://sprites/worlds/world1-7.png" type="Texture" id=36]
[ext_resource path="res://sprites/worlds/world2.png" type="Texture" id=37]
[ext_resource path="res://sprites/worlds/world2-1.png" type="Texture" id=38]
[ext_resource path="res://sprites/worlds/world2-2.png" type="Texture" id=39]
[ext_resource path="res://sprites/worlds/world2-3.png" type="Texture" id=40]
[ext_resource path="res://sprites/worlds/world2-4.png" type="Texture" id=41]
[ext_resource path="res://sprites/worlds/world2-5.png" type="Texture" id=42]
[ext_resource path="res://sprites/worlds/world2-6.png" type="Texture" id=43]
[ext_resource path="res://sprites/worlds/world2-7.png" type="Texture" id=44]
[ext_resource path="res://sprites/worlds/world3.png" type="Texture" id=45]
[ext_resource path="res://sprites/worlds/world3-1.png" type="Texture" id=46]
[ext_resource path="res://sprites/worlds/world3-2.png" type="Texture" id=47]
[ext_resource path="res://sprites/worlds/world3-3.png" type="Texture" id=48]
[ext_resource path="res://sprites/worlds/world3-4.png" type="Texture" id=49]
[ext_resource path="res://sprites/worlds/world3-5.png" type="Texture" id=50]
[ext_resource path="res://sprites/worlds/world3-6.png" type="Texture" id=51]
[ext_resource path="res://sprites/worlds/world3-7.png" type="Texture" id=52]
[ext_resource path="res://sprites/worlds/world4.png" type="Texture" id=53]
[ext_resource path="res://soundeffects/bip.wav" type="AudioStream" id=54]
[ext_resource path="res://soundeffects/henshin.wav" type="AudioStream" id=55]

[sub_resource type="Animation" id=1]
resource_name = "initial"
length = 12.3
tracks/0/type = "value"
tracks/0/path = NodePath("Credits/HBoxContainer/TextureRect:modulate")
tracks/0/interp = 2
tracks/0/loop_wrap = true
tracks/0/imported = false
tracks/0/enabled = true
tracks/0/keys = {
"times": PoolRealArray( 1.5, 3, 4.5 ),
"transitions": PoolRealArray( 1, 1, 1 ),
"update": 0,
"values": [ Color( 0.729412, 0.729412, 0.0431373, 0 ), Color( 0.729412, 0.729412, 0.0431373, 1 ), Color( 0.729412, 0.729412, 0.0431373, 0 ) ]
}
tracks/1/type = "value"
tracks/1/path = NodePath("Credits/HBoxContainer/TextureRect2:modulate")
tracks/1/interp = 2
tracks/1/loop_wrap = true
tracks/1/imported = false
tracks/1/enabled = true
tracks/1/keys = {
"times": PoolRealArray( 1.5, 3, 4.5 ),
"transitions": PoolRealArray( 1, 1, 1 ),
"update": 0,
"values": [ Color( 0.407843, 0.0352941, 0.615686, 0 ), Color( 0.407843, 0.0352941, 0.615686, 1 ), Color( 0.407843, 0.0352941, 0.615686, 0 ) ]
}
tracks/2/type = "value"
tracks/2/path = NodePath("Background:modulate")
tracks/2/interp = 1
tracks/2/loop_wrap = true
tracks/2/imported = false
tracks/2/enabled = true
tracks/2/keys = {
"times": PoolRealArray( 4.9, 8.2 ),
"transitions": PoolRealArray( 1, 1 ),
"update": 0,
"values": [ Color( 0, 0, 0, 0 ), Color( 0.0705882, 0.00392157, 0.109804, 1 ) ]
}
tracks/3/type = "value"
tracks/3/path = NodePath("Grid:modulate")
tracks/3/interp = 1
tracks/3/loop_wrap = true
tracks/3/imported = false
tracks/3/enabled = true
tracks/3/keys = {
"times": PoolRealArray( 8.2, 10.9 ),
"transitions": PoolRealArray( 1, 1 ),
"update": 0,
"values": [ Color( 0, 0, 0, 0 ), Color( 0.643137, 0, 1, 1 ) ]
}
tracks/4/type = "value"
tracks/4/path = NodePath("CenterContainer/Title:rect_position")
tracks/4/interp = 1
tracks/4/loop_wrap = true
tracks/4/imported = false
tracks/4/enabled = true
tracks/4/keys = {
"times": PoolRealArray( 0, 1, 11.3, 11.6 ),
"transitions": PoolRealArray( 1, 1, 1, 1 ),
"update": 0,
"values": [ Vector2( 407, 225 ), Vector2( 940, -200 ), Vector2( 940, -200 ), Vector2( 407, 225 ) ]
}
tracks/5/type = "value"
tracks/5/path = NodePath("CenterContainer/Title:rect_scale")
tracks/5/interp = 1
tracks/5/loop_wrap = true
tracks/5/imported = false
tracks/5/enabled = true
tracks/5/keys = {
"times": PoolRealArray( 0, 1, 11.3, 11.6 ),
"transitions": PoolRealArray( 1, 1, 1, 1 ),
"update": 0,
"values": [ Vector2( 1, 1 ), Vector2( 0.1, 0.1 ), Vector2( 0.1, 0.1 ), Vector2( 1, 1 ) ]
}
tracks/6/type = "value"
tracks/6/path = NodePath("CenterContainer/Instruction:rect_position")
tracks/6/interp = 1
tracks/6/loop_wrap = true
tracks/6/imported = false
tracks/6/enabled = true
tracks/6/keys = {
"times": PoolRealArray( 0, 1 ),
"transitions": PoolRealArray( 1, 1 ),
"update": 0,
"values": [ Vector2( 116, 199 ), Vector2( 940, -200 ) ]
}
tracks/7/type = "value"
tracks/7/path = NodePath("CenterContainer/Instruction:rect_scale")
tracks/7/interp = 1
tracks/7/loop_wrap = true
tracks/7/imported = false
tracks/7/enabled = true
tracks/7/keys = {
"times": PoolRealArray( 0, 1 ),
"transitions": PoolRealArray( 1, 1 ),
"update": 0,
"values": [ Vector2( 1, 1 ), Vector2( 0.1, 0.1 ) ]
}
tracks/8/type = "value"
tracks/8/path = NodePath("Curtains:visible")
tracks/8/interp = 1
tracks/8/loop_wrap = true
tracks/8/imported = false
tracks/8/enabled = true
tracks/8/keys = {
"times": PoolRealArray( 0, 1 ),
"transitions": PoolRealArray( 1, 1 ),
"update": 1,
"values": [ true, false ]
}
tracks/9/type = "value"
tracks/9/path = NodePath("CenterContainer/Title/TitleMenu:active")
tracks/9/interp = 1
tracks/9/loop_wrap = true
tracks/9/imported = false
tracks/9/enabled = true
tracks/9/keys = {
"times": PoolRealArray( 12, 12.3 ),
"transitions": PoolRealArray( 1, 1 ),
"update": 1,
"values": [ false, true ]
}

[sub_resource type="Animation" id=2]
resource_name = "title-control"
tracks/0/type = "value"
tracks/0/path = NodePath("CenterContainer/Title:rect_position")
tracks/0/interp = 1
tracks/0/loop_wrap = true
tracks/0/imported = false
tracks/0/enabled = true
tracks/0/keys = {
"times": PoolRealArray( 0, 0.5 ),
"transitions": PoolRealArray( 1, 1 ),
"update": 0,
"values": [ Vector2( 407, 225 ), Vector2( 940, -200 ) ]
}
tracks/1/type = "value"
tracks/1/path = NodePath("CenterContainer/Title:rect_scale")
tracks/1/interp = 1
tracks/1/loop_wrap = true
tracks/1/imported = false
tracks/1/enabled = true
tracks/1/keys = {
"times": PoolRealArray( 0, 0.5 ),
"transitions": PoolRealArray( 1, 1 ),
"update": 0,
"values": [ Vector2( 1, 1 ), Vector2( 0.1, 0.1 ) ]
}
tracks/2/type = "value"
tracks/2/path = NodePath("CenterContainer/Instruction:rect_scale")
tracks/2/interp = 1
tracks/2/loop_wrap = true
tracks/2/imported = false
tracks/2/enabled = true
tracks/2/keys = {
"times": PoolRealArray( 0.5, 1 ),
"transitions": PoolRealArray( 1, 1 ),
"update": 0,
"values": [ Vector2( 0.1, 0.1 ), Vector2( 1, 1 ) ]
}
tracks/3/type = "value"
tracks/3/path = NodePath("CenterContainer/Instruction:rect_position")
tracks/3/interp = 1
tracks/3/loop_wrap = true
tracks/3/imported = false
tracks/3/enabled = true
tracks/3/keys = {
"times": PoolRealArray( 0.5, 1 ),
"transitions": PoolRealArray( 1, 1 ),
"update": 0,
"values": [ Vector2( 940, -200 ), Vector2( 116, 199 ) ]
}
tracks/4/type = "value"
tracks/4/path = NodePath("CenterContainer/Title/TitleMenu:active")
tracks/4/interp = 1
tracks/4/loop_wrap = true
tracks/4/imported = false
tracks/4/enabled = true
tracks/4/keys = {
"times": PoolRealArray( 0, 0.1 ),
"transitions": PoolRealArray( 1, 1 ),
"update": 1,
"values": [ true, false ]
}
tracks/5/type = "value"
tracks/5/path = NodePath("CenterContainer/Instruction/InstructionMenu:active")
tracks/5/interp = 1
tracks/5/loop_wrap = true
tracks/5/imported = false
tracks/5/enabled = true
tracks/5/keys = {
"times": PoolRealArray( 0.9, 1 ),
"transitions": PoolRealArray( 1, 1 ),
"update": 1,
"values": [ false, true ]
}

[sub_resource type="Animation" id=3]
tracks/0/type = "value"
tracks/0/path = NodePath("CenterContainer/Title:rect_position")
tracks/0/interp = 1
tracks/0/loop_wrap = true
tracks/0/imported = false
tracks/0/enabled = true
tracks/0/keys = {
"times": PoolRealArray( 0, 0.5 ),
"transitions": PoolRealArray( 1, 1 ),
"update": 0,
"values": [ Vector2( 407, 225 ), Vector2( 940, -200 ) ]
}
tracks/1/type = "value"
tracks/1/path = NodePath("CenterContainer/Title:rect_scale")
tracks/1/interp = 1
tracks/1/loop_wrap = true
tracks/1/imported = false
tracks/1/enabled = true
tracks/1/keys = {
"times": PoolRealArray( 0, 0.5 ),
"transitions": PoolRealArray( 1, 1 ),
"update": 0,
"values": [ Vector2( 1, 1 ), Vector2( 0.1, 0.1 ) ]
}
tracks/2/type = "value"
tracks/2/path = NodePath("CenterContainer/Instruction:rect_scale")
tracks/2/interp = 1
tracks/2/loop_wrap = true
tracks/2/imported = false
tracks/2/enabled = true
tracks/2/keys = {
"times": PoolRealArray( 0.5, 1 ),
"transitions": PoolRealArray( 1, 1 ),
"update": 0,
"values": [ Vector2( 0.1, 0.1 ), Vector2( 1, 1 ) ]
}
tracks/3/type = "value"
tracks/3/path = NodePath("CenterContainer/Instruction:rect_position")
tracks/3/interp = 1
tracks/3/loop_wrap = true
tracks/3/imported = false
tracks/3/enabled = true
tracks/3/keys = {
"times": PoolRealArray( 0.5, 1 ),
"transitions": PoolRealArray( 1, 1 ),
"update": 0,
"values": [ Vector2( 940, -200 ), Vector2( 116, 199 ) ]
}
tracks/4/type = "value"
tracks/4/path = NodePath("CenterContainer/Title/TitleMenu:active")
tracks/4/interp = 1
tracks/4/loop_wrap = true
tracks/4/imported = false
tracks/4/enabled = true
tracks/4/keys = {
"times": PoolRealArray( 0, 0.1 ),
"transitions": PoolRealArray( 1, 1 ),
"update": 1,
"values": [ true, false ]
}
tracks/5/type = "value"
tracks/5/path = NodePath("CenterContainer/Instruction/InstructionMenu:active")
tracks/5/interp = 1
tracks/5/loop_wrap = true
tracks/5/imported = false
tracks/5/enabled = true
tracks/5/keys = {
"times": PoolRealArray( 0.9, 1 ),
"transitions": PoolRealArray( 1, 1 ),
"update": 1,
"values": [ false, true ]
}

[sub_resource type="Animation" id=4]
resource_name = "title-world"
tracks/0/type = "value"
tracks/0/path = NodePath("CenterContainer/Title:rect_position")
tracks/0/interp = 1
tracks/0/loop_wrap = true
tracks/0/imported = false
tracks/0/enabled = true
tracks/0/keys = {
"times": PoolRealArray( 0, 0.5 ),
"transitions": PoolRealArray( 1, 1 ),
"update": 0,
"values": [ Vector2( 407, 225 ), Vector2( 940, -200 ) ]
}
tracks/1/type = "value"
tracks/1/path = NodePath("CenterContainer/Title:rect_scale")
tracks/1/interp = 1
tracks/1/loop_wrap = true
tracks/1/imported = false
tracks/1/enabled = true
tracks/1/keys = {
"times": PoolRealArray( 0, 0.5 ),
"transitions": PoolRealArray( 1, 1 ),
"update": 0,
"values": [ Vector2( 1, 1 ), Vector2( 0.1, 0.1 ) ]
}
tracks/2/type = "value"
tracks/2/path = NodePath("CenterContainer/Title/TitleMenu:active")
tracks/2/interp = 1
tracks/2/loop_wrap = true
tracks/2/imported = false
tracks/2/enabled = true
tracks/2/keys = {
"times": PoolRealArray( 0, 0.1 ),
"transitions": PoolRealArray( 1, 1 ),
"update": 1,
"values": [ true, false ]
}
tracks/3/type = "value"
tracks/3/path = NodePath("CenterContainer/Worlds:active")
tracks/3/interp = 1
tracks/3/loop_wrap = true
tracks/3/imported = false
tracks/3/enabled = true
tracks/3/keys = {
"times": PoolRealArray( 0.9, 1 ),
"transitions": PoolRealArray( 1, 1 ),
"update": 1,
"values": [ false, true ]
}
tracks/4/type = "value"
tracks/4/path = NodePath("CenterContainer/Worlds:rect_position")
tracks/4/interp = 1
tracks/4/loop_wrap = true
tracks/4/imported = false
tracks/4/enabled = true
tracks/4/keys = {
"times": PoolRealArray( 0.5, 1 ),
"transitions": PoolRealArray( 1, 1 ),
"update": 0,
"values": [ Vector2( 950, -200 ), Vector2( 256, 232 ) ]
}
tracks/5/type = "value"
tracks/5/path = NodePath("CenterContainer/Worlds:rect_scale")
tracks/5/interp = 1
tracks/5/loop_wrap = true
tracks/5/imported = false
tracks/5/enabled = true
tracks/5/keys = {
"times": PoolRealArray( 0.5, 1 ),
"transitions": PoolRealArray( 1, 1 ),
"update": 0,
"values": [ Vector2( 0.1, 0.1 ), Vector2( 1, 1 ) ]
}
tracks/6/type = "value"
tracks/6/path = NodePath("Grid:modulate")
tracks/6/interp = 1
tracks/6/loop_wrap = true
tracks/6/imported = false
tracks/6/enabled = true
tracks/6/keys = {
"times": PoolRealArray( 0, 1 ),
"transitions": PoolRealArray( 1, 1 ),
"update": 0,
"values": [ Color( 0.407843, 0.0352941, 0.615686, 1 ), Color( 0.643137, 0, 1, 0.133333 ) ]
}
tracks/7/type = "value"
tracks/7/path = NodePath("Background:modulate")
tracks/7/interp = 1
tracks/7/loop_wrap = true
tracks/7/imported = false
tracks/7/enabled = true
tracks/7/keys = {
"times": PoolRealArray( 0, 1 ),
"transitions": PoolRealArray( 1, 1 ),
"update": 0,
"values": [ Color( 0.0705882, 0.00392157, 0.109804, 1 ), Color( 0.0705882, 0.00392157, 0.109804, 0.25098 ) ]
}

[sub_resource type="Animation" id=5]
length = 0.4
step = 0.05
tracks/0/type = "value"
tracks/0/path = NodePath("CenterContainer/Worlds/HBoxContainer/WorldTexture:texture")
tracks/0/interp = 1
tracks/0/loop_wrap = true
tracks/0/imported = false
tracks/0/enabled = true
tracks/0/keys = {
"times": PoolRealArray( 0, 0.05, 0.1, 0.15, 0.2, 0.25, 0.3, 0.35, 0.4 ),
"transitions": PoolRealArray( 1, 1, 1, 1, 1, 1, 1, 1, 1 ),
"update": 1,
"values": [ ExtResource( 26 ), ExtResource( 30 ), ExtResource( 31 ), ExtResource( 32 ), ExtResource( 33 ), ExtResource( 34 ), ExtResource( 35 ), ExtResource( 36 ), ExtResource( 37 ) ]
}
tracks/1/type = "value"
tracks/1/path = NodePath("CenterContainer/Worlds/HBoxContainer/WorldTexture:modulate")
tracks/1/interp = 1
tracks/1/loop_wrap = true
tracks/1/imported = false
tracks/1/enabled = true
tracks/1/keys = {
"times": PoolRealArray( 0, 0.4 ),
"transitions": PoolRealArray( 1, 1 ),
"update": 0,
"values": [ Color( 1, 0, 0, 1 ), Color( 0, 1, 0, 1 ) ]
}
tracks/2/type = "value"
tracks/2/path = NodePath("CenterContainer/Worlds/HBoxContainer/ArrowLeft:modulate")
tracks/2/interp = 1
tracks/2/loop_wrap = true
tracks/2/imported = false
tracks/2/enabled = true
tracks/2/keys = {
"times": PoolRealArray( 0, 0.4 ),
"transitions": PoolRealArray( 1, 1 ),
"update": 0,
"values": [ Color( 1, 1, 1, 0 ), Color( 0.34902, 0.34902, 0.34902, 1 ) ]
}

[sub_resource type="Animation" id=6]
length = 0.4
step = 0.05
tracks/0/type = "value"
tracks/0/path = NodePath("CenterContainer/Worlds/HBoxContainer/WorldTexture:texture")
tracks/0/interp = 1
tracks/0/loop_wrap = true
tracks/0/imported = false
tracks/0/enabled = true
tracks/0/keys = {
"times": PoolRealArray( 0, 0.05, 0.1, 0.15, 0.2, 0.25, 0.3, 0.35, 0.4 ),
"transitions": PoolRealArray( 1, 1, 1, 1, 1, 1, 1, 1, 1 ),
"update": 1,
"values": [ ExtResource( 37 ), ExtResource( 38 ), ExtResource( 39 ), ExtResource( 40 ), ExtResource( 41 ), ExtResource( 42 ), ExtResource( 43 ), ExtResource( 44 ), ExtResource( 45 ) ]
}
tracks/1/type = "value"
tracks/1/path = NodePath("CenterContainer/Worlds/HBoxContainer/WorldTexture:modulate")
tracks/1/interp = 1
tracks/1/loop_wrap = true
tracks/1/imported = false
tracks/1/enabled = true
tracks/1/keys = {
"times": PoolRealArray( 0, 0.4 ),
"transitions": PoolRealArray( 1, 1 ),
"update": 0,
"values": [ Color( 0, 1, 0, 1 ), Color( 0, 1, 1, 1 ) ]
}

[sub_resource type="Animation" id=7]
length = 0.4
step = 0.05
tracks/0/type = "value"
tracks/0/path = NodePath("CenterContainer/Worlds/HBoxContainer/WorldTexture:texture")
tracks/0/interp = 1
tracks/0/loop_wrap = true
tracks/0/imported = false
tracks/0/enabled = true
tracks/0/keys = {
"times": PoolRealArray( 0, 0.05, 0.1, 0.15, 0.2, 0.25, 0.3, 0.35, 0.4 ),
"transitions": PoolRealArray( 1, 1, 1, 1, 1, 1, 1, 1, 1 ),
"update": 1,
"values": [ ExtResource( 45 ), ExtResource( 46 ), ExtResource( 47 ), ExtResource( 48 ), ExtResource( 49 ), ExtResource( 50 ), ExtResource( 51 ), ExtResource( 52 ), ExtResource( 53 ) ]
}
tracks/1/type = "value"
tracks/1/path = NodePath("CenterContainer/Worlds/HBoxContainer/WorldTexture:modulate")
tracks/1/interp = 1
tracks/1/loop_wrap = true
tracks/1/imported = false
tracks/1/enabled = true
tracks/1/keys = {
"times": PoolRealArray( 0, 0.4 ),
"transitions": PoolRealArray( 1, 1 ),
"update": 0,
"values": [ Color( 0, 1, 1, 1 ), Color( 0.34902, 0.34902, 0.34902, 1 ) ]
}
tracks/2/type = "value"
tracks/2/path = NodePath("CenterContainer/Worlds/HBoxContainer/ArrowRight:modulate")
tracks/2/interp = 1
tracks/2/loop_wrap = true
tracks/2/imported = false
tracks/2/enabled = true
tracks/2/keys = {
"times": PoolRealArray( 0, 0.4 ),
"transitions": PoolRealArray( 1, 1 ),
"update": 0,
"values": [ Color( 0.34902, 0.34902, 0.34902, 1 ), Color( 1, 1, 1, 0 ) ]
}

[sub_resource type="Animation" id=8]
length = 6.0
loop = true
step = 1.0
tracks/0/type = "value"
tracks/0/path = NodePath("CenterContainer/Worlds/HBoxContainer/WorldTexture:modulate")
tracks/0/interp = 1
tracks/0/loop_wrap = true
tracks/0/imported = false
tracks/0/enabled = true
tracks/0/keys = {
"times": PoolRealArray( 0, 1, 2, 3, 4, 5, 6 ),
"transitions": PoolRealArray( 1, 1, 1, 1, 1, 1, 1 ),
"update": 0,
"values": [ Color( 1, 0, 0, 1 ), Color( 1, 1, 0, 1 ), Color( 0, 1, 0, 1 ), Color( 0, 1, 1, 1 ), Color( 0, 0, 1, 1 ), Color( 1, 0, 1, 1 ), Color( 1, 0, 0, 1 ) ]
}

[node name="TitleScreen" type="Control"]
anchor_right = 1.0
anchor_bottom = 1.0
script = ExtResource( 1 )
initial_track = ExtResource( 2 )

[node name="Background" type="TextureRect" parent="."]
modulate = Color( 0.0705882, 0.00392157, 0.109804, 1 )
material = ExtResource( 3 )
margin_right = 1920.0
margin_bottom = 1080.0
rect_min_size = Vector2( 1920, 1080 )
texture = ExtResource( 4 )
expand = true

[node name="Grid" type="TextureRect" parent="."]
visible = false
modulate = Color( 0.02382, 0, 0.0370372, 0.0370372 )
material = ExtResource( 3 )
anchor_right = 1.0
anchor_bottom = 1.0
margin_left = -1200.0
margin_right = 1080.0
texture = ExtResource( 5 )
stretch_mode = 7

[node name="CenterContainer" type="CenterContainer" parent="."]
visible = false
anchor_right = 1.0
anchor_bottom = 1.0

[node name="Title" type="VBoxContainer" parent="CenterContainer"]
margin_left = 407.0
margin_top = 283.0
margin_right = 1512.0
margin_bottom = 797.0
custom_constants/separation = 16
alignment = 1

[node name="VSeparator" type="VSeparator" parent="CenterContainer/Title"]
modulate = Color( 1, 1, 1, 0 )
margin_right = 1105.0
margin_bottom = 256.0
rect_min_size = Vector2( 0, 256 )

[node name="Title" type="HBoxContainer" parent="CenterContainer/Title"]
margin_top = 272.0
margin_right = 1105.0
margin_bottom = 514.0

[node name="TextureRect" type="TextureRect" parent="CenterContainer/Title/Title"]
modulate = Color( 0.729412, 0.729412, 0.0431373, 1 )
material = ExtResource( 3 )
margin_right = 512.0
margin_bottom = 242.0
texture = ExtResource( 6 )

[node name="TextureRect2" type="TextureRect" parent="CenterContainer/Title/Title"]
modulate = Color( 0.407843, 0.0352941, 0.615686, 1 )
material = ExtResource( 3 )
margin_left = 516.0
margin_right = 1105.0
margin_bottom = 242.0
texture = ExtResource( 7 )

[node name="TitleMenu" type="VBoxContainer" parent="CenterContainer/Title"]
visible = false
modulate = Color( 0, 1, 1, 1 )
margin_top = 402.0
margin_right = 1105.0
margin_bottom = 629.0
custom_constants/separation = 16
alignment = 1
script = ExtResource( 8 )
next_scene = "res://scenes/world-1/level1-10.tscn"
active = true

[node name="Play" type="Label" parent="CenterContainer/Title/TitleMenu"]
margin_right = 1105.0
margin_bottom = 65.0
custom_fonts/font = ExtResource( 9 )
custom_colors/font_color = Color( 1, 1, 1, 1 )
text = "Play"
align = 1
valign = 1
uppercase = true

[node name="Controls" type="Label" parent="CenterContainer/Title/TitleMenu"]
modulate = Color( 1, 1, 1, 0.501961 )
margin_top = 81.0
margin_right = 1105.0
margin_bottom = 146.0
custom_fonts/font = ExtResource( 9 )
custom_colors/font_color = Color( 1, 1, 1, 1 )
text = "Controls"
align = 1
valign = 1
uppercase = true

[node name="Quit" type="Label" parent="CenterContainer/Title/TitleMenu"]
modulate = Color( 1, 1, 1, 0.501961 )
margin_top = 162.0
margin_right = 1105.0
margin_bottom = 227.0
custom_fonts/font = ExtResource( 9 )
custom_colors/font_color = Color( 1, 1, 1, 1 )
text = "Quit"
align = 1
valign = 1
uppercase = true

[node name="Instruction" type="VBoxContainer" parent="CenterContainer"]
editor/display_folded = true
visible = false
margin_left = 836.0
margin_top = 457.0
margin_right = 1084.0
margin_bottom = 622.0
custom_constants/separation = 100
alignment = 1

[node name="GridContainer" type="GridContainer" parent="CenterContainer/Instruction"]
editor/display_folded = true
margin_right = 1688.0
margin_bottom = 516.0
custom_constants/hseparation = 256
columns = 2

[node name="Movement" type="HBoxContainer" parent="CenterContainer/Instruction/GridContainer"]
margin_right = 772.0
margin_bottom = 384.0

[node name="TextureRect" type="TextureRect" parent="CenterContainer/Instruction/GridContainer/Movement"]
material = ExtResource( 10 )
margin_right = 384.0
margin_bottom = 384.0
texture = ExtResource( 11 )

[node name="TextureRect2" type="TextureRect" parent="CenterContainer/Instruction/GridContainer/Movement"]
modulate = Color( 0.435294, 0.435294, 0.435294, 1 )
material = ExtResource( 10 )
margin_left = 388.0
margin_right = 772.0
margin_bottom = 384.0
texture = ExtResource( 12 )

[node name="Action" type="HBoxContainer" parent="CenterContainer/Instruction/GridContainer"]
margin_left = 1028.0
margin_right = 1688.0
margin_bottom = 384.0
custom_constants/separation = 10
alignment = 1

[node name="TextureRect" type="TextureRect" parent="CenterContainer/Instruction/GridContainer/Action"]
material = ExtResource( 10 )
margin_right = 384.0
margin_bottom = 384.0
texture = ExtResource( 13 )
stretch_mode = 4

[node name="TextureRect2" type="TextureRect" parent="CenterContainer/Instruction/GridContainer/Action"]
modulate = Color( 0.0784314, 0.584314, 0.0784314, 1 )
material = ExtResource( 10 )
margin_left = 394.0
margin_right = 522.0
margin_bottom = 384.0
texture = ExtResource( 14 )
stretch_mode = 4

[node name="TextureRect3" type="TextureRect" parent="CenterContainer/Instruction/GridContainer/Action"]
modulate = Color( 0.121569, 0.14902, 0.584314, 1 )
material = ExtResource( 10 )
margin_left = 532.0
margin_right = 660.0
margin_bottom = 384.0
texture = ExtResource( 15 )
stretch_mode = 4

[node name="MovementText" type="TextureRect" parent="CenterContainer/Instruction/GridContainer"]
material = ExtResource( 10 )
margin_top = 388.0
margin_right = 772.0
margin_bottom = 516.0
texture = ExtResource( 16 )
stretch_mode = 4

[node name="ActionText" type="TextureRect" parent="CenterContainer/Instruction/GridContainer"]
material = ExtResource( 10 )
margin_left = 1028.0
margin_top = 388.0
margin_right = 1688.0
margin_bottom = 516.0
texture = ExtResource( 17 )
stretch_mode = 4

[node name="InstructionMenu" type="VBoxContainer" parent="CenterContainer/Instruction"]
modulate = Color( 0, 1, 1, 1 )
margin_top = 616.0
margin_right = 1688.0
margin_bottom = 681.0
custom_constants/separation = 16
alignment = 1
script = ExtResource( 18 )

[node name="Return" type="Label" parent="CenterContainer/Instruction/InstructionMenu"]
margin_right = 1688.0
margin_bottom = 65.0
custom_fonts/font = ExtResource( 9 )
custom_colors/font_color = Color( 1, 1, 1, 1 )
text = "return"
align = 1
valign = 1
uppercase = true

[node name="Worlds" type="VBoxContainer" parent="CenterContainer"]
editor/display_folded = true
visible = false
margin_left = 256.0
margin_top = 230.0
margin_right = 1664.0
margin_bottom = 849.0
custom_constants/separation = 50
script = ExtResource( 19 )
scene1 = "res://scenes/world-1/level1-1.tscn"
scene2 = "res://scenes/world-2/level2-1.tscn"
scene3 = "res://scenes/world-3/level3-1.tscn"
scene4 = "res://scenes/world-4/level4-1.tscn"
track1 = ExtResource( 20 )
track2 = ExtResource( 21 )
track3 = ExtResource( 22 )
track4 = ExtResource( 23 )

[node name="HBoxContainer" type="HBoxContainer" parent="CenterContainer/Worlds"]
margin_right = 1408.0
margin_bottom = 128.0
custom_constants/separation = 512

[node name="ArrowLeft" type="TextureRect" parent="CenterContainer/Worlds/HBoxContainer"]
modulate = Color( 1, 1, 1, 0 )
material = ExtResource( 24 )
margin_right = 128.0
margin_bottom = 128.0
texture = ExtResource( 25 )

[node name="WorldTexture" type="TextureRect" parent="CenterContainer/Worlds/HBoxContainer"]
modulate = Color( 1, 0, 0, 1 )
material = ExtResource( 3 )
margin_left = 640.0
margin_right = 768.0
margin_bottom = 128.0
texture = ExtResource( 26 )

[node name="ArrowRight" type="TextureRect" parent="CenterContainer/Worlds/HBoxContainer"]
modulate = Color( 0.34902, 0.34902, 0.34902, 1 )
material = ExtResource( 24 )
margin_left = 1280.0
margin_right = 1408.0
margin_bottom = 128.0
texture = ExtResource( 27 )

[node name="HSeparator" type="HSeparator" parent="CenterContainer/Worlds"]
modulate = Color( 1, 1, 1, 0 )
margin_top = 178.0
margin_right = 1408.0
margin_bottom = 242.0
custom_constants/separation = 64

[node name="Record" type="Label" parent="CenterContainer/Worlds"]
modulate = Color( 0.866667, 0.866667, 0.866667, 1 )
margin_top = 292.0
margin_right = 1408.0
margin_bottom = 357.0
custom_fonts/font = ExtResource( 9 )
text = "00:00.000"
align = 1
uppercase = true

[node name="HSeparator2" type="HSeparator" parent="CenterContainer/Worlds"]
modulate = Color( 1, 1, 1, 0 )
margin_top = 407.0
margin_right = 1408.0
margin_bottom = 423.0
custom_constants/separation = 16

[node name="WorldMenu" type="VBoxContainer" parent="CenterContainer/Worlds"]
modulate = Color( 0, 1, 1, 1 )
margin_top = 473.0
margin_right = 1408.0
margin_bottom = 619.0
custom_constants/separation = 16

[node name="Start" type="Label" parent="CenterContainer/Worlds/WorldMenu"]
margin_right = 1408.0
margin_bottom = 65.0
custom_fonts/font = ExtResource( 9 )
text = "start"
align = 1
uppercase = true

[node name="Return" type="Label" parent="CenterContainer/Worlds/WorldMenu"]
modulate = Color( 1, 1, 1, 0.501961 )
margin_top = 81.0
margin_right = 1408.0
margin_bottom = 146.0
custom_fonts/font = ExtResource( 9 )
text = "return"
align = 1
uppercase = true

[node name="Tween" type="Tween" parent="CenterContainer/Worlds"]

[node name="Credits" type="CenterContainer" parent="."]
editor/display_folded = true
visible = false
anchor_right = 1.0
anchor_bottom = 1.0

[node name="HBoxContainer" type="HBoxContainer" parent="Credits"]
margin_left = 638.0
margin_top = 476.0
margin_right = 1282.0
margin_bottom = 604.0

[node name="TextureRect" type="TextureRect" parent="Credits/HBoxContainer"]
modulate = Color( 0.729412, 0.729412, 0.0431373, 0 )
material = ExtResource( 10 )
margin_right = 384.0
margin_bottom = 128.0
texture = ExtResource( 28 )

[node name="TextureRect2" type="TextureRect" parent="Credits/HBoxContainer"]
modulate = Color( 0.407843, 0.0352941, 0.615686, 0 )
material = ExtResource( 10 )
margin_left = 388.0
margin_right = 644.0
margin_bottom = 128.0
texture = ExtResource( 29 )

[node name="Curtains" type="ColorRect" parent="."]
visible = false
anchor_right = 1.0
anchor_bottom = 1.0
color = Color( 0, 0, 0, 1 )

[node name="AnimationPlayer" type="AnimationPlayer" parent="."]
anims/initial = SubResource( 1 )
anims/right-arrow-down = SubResource( 2 )
anims/title-control = SubResource( 3 )
anims/title-world = SubResource( 4 )
anims/world-1-2 = SubResource( 5 )
anims/world-2-3 = SubResource( 6 )
anims/world-3-4 = SubResource( 7 )
anims/world-4 = SubResource( 8 )

[node name="AudioStreamPlayer" type="AudioStreamPlayer" parent="."]
stream = ExtResource( 54 )
volume_db = -10.0

[node name="AudioStreamPlayer2" type="AudioStreamPlayer" parent="."]
stream = ExtResource( 55 )
volume_db = -10.0
