[gd_scene load_steps=10 format=2]

[ext_resource path="res://scripts/key.gd" type="Script" id=1]
[ext_resource path="res://sprites/particles/particle1.png" type="Texture" id=2]
[ext_resource path="res://materials/pulsing-neon.tres" type="Material" id=3]

[sub_resource type="Curve" id=1]
min_value = -1.0
_data = [ Vector2( 0, 1 ), 0.0, 0.0, 0, 0, Vector2( 1, 1 ), 0.0, 0.0, 0, 0 ]

[sub_resource type="CurveTexture" id=2]
curve = SubResource( 1 )

[sub_resource type="Curve" id=4]
max_value = 2.0
_data = [ Vector2( 0.00165289, 0.4808 ), 0.0, 0.0, 0, 0, Vector2( 0.887603, 1.3608 ), 0.0, 0.0, 0, 0, Vector2( 1, 0 ), 0.0, 0.0, 0, 0 ]

[sub_resource type="CurveTexture" id=5]
curve = SubResource( 4 )

[sub_resource type="ParticlesMaterial" id=6]
emission_shape = 1
emission_sphere_radius = 25.0
flag_disable_z = true
gravity = Vector3( 0, 0, 0 )
orbit_velocity = 0.5
orbit_velocity_random = 0.0
radial_accel = -500.0
scale_curve = SubResource( 5 )
hue_variation_curve = SubResource( 2 )

[sub_resource type="CircleShape2D" id=7]
radius = 8.0

[node name="Key" type="Area2D"]
input_pickable = false
script = ExtResource( 1 )
__meta__ = {
"_edit_group_": true
}

[node name="Particles2D" type="Particles2D" parent="."]
amount = 15
process_material = SubResource( 6 )
texture = ExtResource( 2 )

[node name="CollisionShape2D" type="CollisionShape2D" parent="."]
shape = SubResource( 7 )

[node name="Sprite" type="Sprite" parent="."]
material = ExtResource( 3 )
scale = Vector2( 4, 4 )
texture = ExtResource( 2 )
[connection signal="body_entered" from="." to="." method="_on_Key_body_entered"]
