[gd_scene load_steps=4 format=2]

[ext_resource path="res://scenes/agents/BlockEnemyN.tscn" type="PackedScene" id=1]
[ext_resource path="res://scenes/utils/LevelComponents.tscn" type="PackedScene" id=2]
[ext_resource path="res://materials/world-2.tres" type="Material" id=3]

[node name="root" type="Node2D"]

[node name="BlockEnemyN" parent="." instance=ExtResource( 1 )]
position = Vector2( 672, 64 )

[node name="LevelComponents" parent="." instance=ExtResource( 2 )]

[node name="KeyR" parent="LevelComponents" index="0"]
visible = false
picked = true

[node name="KeyG" parent="LevelComponents" index="1"]
visible = false
picked = true

[node name="KeyB" parent="LevelComponents" index="2"]
visible = false
picked = true

[node name="Portal" parent="LevelComponents" index="3"]
position = Vector2( 1094.16, 62.3789 )

[node name="Player" parent="LevelComponents" index="5"]
position = Vector2( 0, 64 )

[node name="ParallaxBackground" parent="LevelComponents" index="6"]
editor/display_folded = false

[node name="Sprite" parent="LevelComponents/ParallaxBackground/ParallaxLayer" index="0"]
material = ExtResource( 3 )

[node name="TileMap" parent="LevelComponents" index="7"]
tile_data = PoolIntArray( -131074, 3, 0, -131073, 1, 0, -196608, 1, 0, -196607, 1, 0, -196606, 1, 0, -196605, 1, 0, -196604, 1, 0, -196603, 1, 0, -196602, 1, 0, -196601, 1, 0, -196600, 1, 0, -196599, 5, 0, -65538, 1610612736, 0, -131066, 3, 0, -131065, 1, 0, -131064, 1, 0, -131063, 4, 0, -2, 1610612736, 0, -65530, 2, 0, -65529, 1, 0, -65528, 1, 0, -65527, 5, 0, 65534, 1610612736, 0, 9, 0, 0, 131070, 1610612736, 0, 65542, 3, 0, 65543, 1, 0, 65544, 1, 0, 65545, 4, 0, 196606, 0, 0, 131078, 2, 0, 131079, 1073741825, 0, 131080, 1073741825, 0, 131081, 5, 0, 262142, 2, 0, 262143, 1, 0, 196608, 1, 0, 196609, 1, 0, 196610, 1, 0, 196611, 1, 0, 196612, 1, 0, 196613, 1, 0, 196614, 1, 0, 196615, 1, 0, 196616, 1, 0, 196617, 4, 0 )

[node name="GameController" parent="LevelComponents" index="8"]
next_scene = "res://scenes/world-2/level2-2.tscn"
world = 2

[editable path="LevelComponents"]

[editable path="LevelComponents/Portal"]
