[gd_scene load_steps=9 format=2]

[ext_resource path="res://scenes/utils/LevelComponents.tscn" type="PackedScene" id=1]
[ext_resource path="res://shaders/world-2.shader" type="Shader" id=2]
[ext_resource path="res://bgm/world3-final.ogg" type="AudioStream" id=3]
[ext_resource path="res://scenes/agents/StrongEnemyN.tscn" type="PackedScene" id=4]
[ext_resource path="res://scenes/agents/BlockEnemyP.tscn" type="PackedScene" id=5]
[ext_resource path="res://scenes/agents/StrongEnemyP.tscn" type="PackedScene" id=6]
[ext_resource path="res://scenes/agents/BlockEnemyN.tscn" type="PackedScene" id=7]

[sub_resource type="ShaderMaterial" id=1]
shader = ExtResource( 2 )
shader_param/level = 10.0

[node name="root" type="Node2D"]

[node name="LevelComponents" parent="." instance=ExtResource( 1 )]

[node name="KeyR" parent="LevelComponents" index="0"]
position = Vector2( 640, 0 )

[node name="KeyG" parent="LevelComponents" index="1"]
position = Vector2( -640, 0 )

[node name="KeyB" parent="LevelComponents" index="2"]
position = Vector2( 0, 640 )

[node name="Portal" parent="LevelComponents" index="3"]
editor/display_folded = false
position = Vector2( 0, -640 )

[node name="Player" parent="LevelComponents" index="5"]
position = Vector2( 0, -3.24216 )

[node name="ParallaxBackground" parent="LevelComponents" index="6"]
editor/display_folded = false

[node name="Sprite" parent="LevelComponents/ParallaxBackground/ParallaxLayer" index="0"]
material = SubResource( 1 )

[node name="TileMap" parent="LevelComponents" index="7"]
tile_data = PoolIntArray( -393220, 6, 0, -393219, 1, 0, -393218, 1, 0, -393217, 1, 0, -458752, 1, 0, -458751, 1, 0, -458750, 1, 0, -458749, 7, 0, -327685, 6, 0, -327684, 9, 0, -393213, 8, 0, -393212, 7, 0, -262150, 6, 0, -262149, 9, 0, -327676, 8, 0, -327675, 7, 0, -196615, 6, 0, -196614, 9, 0, -262139, 8, 0, -262138, 7, 0, -131079, 0, 0, -196602, 0, 0, -65543, 0, 0, -131066, 0, 0, -7, 0, 0, -65530, 0, 0, 65529, 0, 0, 6, 0, 0, 131065, 0, 0, 65542, 0, 0, 196601, 0, 0, 131078, 0, 0, 262137, 8, 0, 262138, 7, 0, 196613, 6, 0, 196614, 9, 0, 327674, 8, 0, 327675, 7, 0, 262148, 6, 0, 262149, 9, 0, 393211, 8, 0, 393212, 7, 0, 327683, 6, 0, 327684, 9, 0, 458748, 8, 0, 458749, 1, 0, 458750, 1, 0, 458751, 1, 0, 393216, 1, 0, 393217, 1, 0, 393218, 1, 0, 393219, 9, 0 )

[node name="GameController" parent="LevelComponents" index="8"]
editor/display_folded = false
world = 2

[node name="RecordMenu" parent="LevelComponents/GameController/CanvasLayer" index="2"]
next_scene = "res://scenes/world-3/level3-1.tscn"
next_track = ExtResource( 3 )

[node name="StrongEnemyN" parent="." instance=ExtResource( 4 )]
position = Vector2( 640, 0 )

[node name="BlockEnemyP" parent="." instance=ExtResource( 5 )]
position = Vector2( -384, 0 )

[node name="BlockEnemyP2" parent="." instance=ExtResource( 5 )]
position = Vector2( 416, 0 )
rotation = -3.14159

[node name="StrongEnemyN2" parent="." instance=ExtResource( 4 )]
position = Vector2( -640, 0 )

[node name="StrongEnemyP" parent="." instance=ExtResource( 6 )]
position = Vector2( 0, 640 )

[node name="StrongEnemyP2" parent="." instance=ExtResource( 6 )]
position = Vector2( 0, -640 )

[node name="BlockEnemyN" parent="." instance=ExtResource( 7 )]
position = Vector2( 0, -384 )
rotation = 1.57079

[node name="BlockEnemyN2" parent="." instance=ExtResource( 7 )]
position = Vector2( 0, 384 )
rotation = 1.57079

[editable path="LevelComponents"]

[editable path="LevelComponents/Portal"]
