[gd_scene load_steps=6 format=2]

[ext_resource path="res://scenes/utils/LevelComponents.tscn" type="PackedScene" id=1]
[ext_resource path="res://shaders/world-2.shader" type="Shader" id=2]
[ext_resource path="res://scenes/agents/BlockEnemyN.tscn" type="PackedScene" id=3]
[ext_resource path="res://scenes/agents/StrongEnemyP.tscn" type="PackedScene" id=4]

[sub_resource type="ShaderMaterial" id=1]
shader = ExtResource( 2 )
shader_param/level = 7.0

[node name="root" type="Node2D"]

[node name="LevelComponents" parent="." instance=ExtResource( 1 )]

[node name="KeyR" parent="LevelComponents" index="0"]
visible = false
position = Vector2( 576, 0 )
picked = true

[node name="KeyG" parent="LevelComponents" index="1"]
visible = false
position = Vector2( -576, 0 )
picked = true

[node name="KeyB" parent="LevelComponents" index="2"]
visible = false
picked = true

[node name="Portal" parent="LevelComponents" index="3"]
editor/display_folded = false
position = Vector2( 0, 672 )

[node name="Player" parent="LevelComponents" index="5"]
position = Vector2( 0, -3.24216 )

[node name="ParallaxBackground" parent="LevelComponents" index="6"]
editor/display_folded = false

[node name="Sprite" parent="LevelComponents/ParallaxBackground/ParallaxLayer" index="0"]
material = SubResource( 1 )

[node name="TileMap" parent="LevelComponents" index="7"]
tile_data = PoolIntArray( -196612, 3, 0, -196611, 1, 0, -196610, 1, 0, -196609, 1, 0, -262144, 1, 0, -262143, 1, 0, -262142, 1, 0, -262141, 5, 0, -131076, 0, 0, -196605, 0, 0, -65540, 0, 0, -131069, 0, 0, -4, 0, 0, -65533, 0, 0, 65532, 0, 0, 3, 0, 0, 131068, 0, 0, 65539, 0, 0, 196604, 0, 0, 131075, 0, 0, 262140, 0, 0, 196611, 0, 0, 327676, 0, 0, 262147, 0, 0, 393212, 0, 0, 327683, 0, 0, 458748, 2, 0, 458749, 1, 0, 458750, 1, 0, 458751, 1, 0, 393216, 1, 0, 393217, 1, 0, 393218, 1, 0, 393219, 4, 0 )

[node name="GameController" parent="LevelComponents" index="8"]
next_scene = "res://scenes/world-2/level2-8.tscn"
world = 2

[node name="BlockEnemyN" parent="." instance=ExtResource( 3 )]
position = Vector2( 0, 373 )
rotation = 1.57079

[node name="StrongEnemyP" parent="." instance=ExtResource( 4 )]
position = Vector2( -160, 672 )

[node name="StrongEnemyP3" parent="." instance=ExtResource( 4 )]
position = Vector2( -352, -323.242 )

[node name="StrongEnemyP2" parent="." instance=ExtResource( 4 )]
position = Vector2( 160, 680.5 )

[node name="StrongEnemyP4" parent="." instance=ExtResource( 4 )]
position = Vector2( 352, -324.863 )

[editable path="LevelComponents"]

[editable path="LevelComponents/Portal"]
