[gd_scene load_steps=5 format=2]

[ext_resource path="res://scenes/utils/LevelComponents.tscn" type="PackedScene" id=1]
[ext_resource path="res://shaders/world-3.shader" type="Shader" id=2]
[ext_resource path="res://scenes/agents/BlackholeEnemyP.tscn" type="PackedScene" id=3]

[sub_resource type="ShaderMaterial" id=1]
shader = ExtResource( 2 )
shader_param/level = 1
shader_param/seed = Vector2( -0.794084, 0.136444 )
shader_param/scale = 0.25
shader_param/position = Vector2( 1, 1 )

[node name="root" type="Node2D"]

[node name="LevelComponents" parent="." instance=ExtResource( 1 )]

[node name="KeyR" parent="LevelComponents" index="0"]
visible = false
picked = true

[node name="KeyG" parent="LevelComponents" index="1"]
visible = false
picked = true

[node name="KeyB" parent="LevelComponents" index="2"]
visible = false
picked = true

[node name="Portal" parent="LevelComponents" index="3"]
position = Vector2( 1632, 0 )

[node name="ParallaxBackground" parent="LevelComponents" index="6"]
editor/display_folded = false

[node name="Sprite" parent="LevelComponents/ParallaxBackground/ParallaxLayer" index="0"]
material = SubResource( 1 )

[node name="TileMap" parent="LevelComponents" index="7"]
tile_data = PoolIntArray( -196610, 3, 0, -196609, 1, 0, -262144, 1, 0, -262143, 1, 0, -262142, 1, 0, -262141, 1, 0, -262140, 1, 0, -262139, 1, 0, -262138, 1, 0, -262137, 1, 0, -262136, 1, 0, -262135, 1, 0, -262134, 1, 0, -262133, 1, 0, -262132, 1, 0, -262131, 1, 0, -262130, 5, 0, -131074, 0, 0, -196594, 0, 0, -65538, 0, 0, -131058, 0, 0, -2, 0, 0, -65522, 0, 0, 65534, 0, 0, 14, 0, 0, 131070, 0, 0, 65550, 0, 0, 196606, 0, 0, 131086, 0, 0, 262142, 2, 0, 262143, 1, 0, 196608, 1, 0, 196609, 1, 0, 196610, 1, 0, 196611, 1, 0, 196612, 1, 0, 196613, 1, 0, 196614, 1, 0, 196615, 1, 0, 196616, 1, 0, 196617, 1, 0, 196618, 1, 0, 196619, 1, 0, 196620, 1, 0, 196621, 1, 0, 196622, 4, 0 )

[node name="GameController" parent="LevelComponents" index="8"]
next_scene = "res://scenes/world-3/level3-2.tscn"
world = 3

[node name="BlackholeEnemyP" parent="LevelComponents" instance=ExtResource( 3 )]
position = Vector2( 768, 1.6211 )

[editable path="LevelComponents"]

[editable path="LevelComponents/Portal"]
