[gd_scene load_steps=8 format=2]

[ext_resource path="res://scenes/utils/LevelComponents.tscn" type="PackedScene" id=1]
[ext_resource path="res://shaders/world-4.shader" type="Shader" id=2]
[ext_resource path="res://scenes/agents/UnstopableEnemyN.tscn" type="PackedScene" id=3]
[ext_resource path="res://scenes/agents/UnstopableEnemyP.tscn" type="PackedScene" id=4]
[ext_resource path="res://scenes/agents/BlockEnemyN.tscn" type="PackedScene" id=5]
[ext_resource path="res://scenes/agents/BlockEnemyP.tscn" type="PackedScene" id=6]

[sub_resource type="ShaderMaterial" id=1]
shader = ExtResource( 2 )
shader_param/level = 6

[node name="root" type="Node2D"]

[node name="LevelComponents" parent="." instance=ExtResource( 1 )]

[node name="KeyR" parent="LevelComponents" index="0"]
visible = false
position = Vector2( 0, -960 )
picked = true

[node name="KeyG" parent="LevelComponents" index="1"]
visible = false
position = Vector2( 280, -490 )
picked = true

[node name="KeyB" parent="LevelComponents" index="2"]
visible = false
position = Vector2( 928, 0 )
picked = true

[node name="Portal" parent="LevelComponents" index="3"]
position = Vector2( 570, -976 )

[node name="Camera2D" parent="LevelComponents" index="4"]
position = Vector2( 580, 80 )

[node name="Player" parent="LevelComponents" index="5"]
position = Vector2( 580, 80 )

[node name="ParallaxBackground" parent="LevelComponents" index="6"]
editor/display_folded = false

[node name="Sprite" parent="LevelComponents/ParallaxBackground/ParallaxLayer" index="0"]
material = SubResource( 1 )

[node name="TileMap" parent="LevelComponents" index="7"]
tile_data = PoolIntArray( -589822, 3, 0, -589821, 1, 0, -589820, 1, 0, -589819, 1, 0, -589818, 5, 0, -524286, 0, 0, -524282, 0, 0, -393218, 3, 0, -393217, 1, 0, -458752, 1, 0, -458751, 1, 0, -458750, 4, 0, -458746, 2, 0, -458745, 1, 0, -458744, 1, 0, -458743, 1, 0, -458742, 5, 0, -327682, 0, 0, -393206, 0, 0, -262146, 0, 0, -327670, 0, 0, -196610, 0, 0, -262134, 0, 0, -131074, 0, 0, -196598, 0, 0, -65538, 0, 0, -131062, 0, 0, -2, 2, 0, -1, 1, 0, -65536, 1, 0, -65535, 1, 0, -65534, 5, 0, -65530, 3, 0, -65529, 1, 0, -65528, 1, 0, -65527, 1, 0, -65526, 4, 0, 2, 0, 0, 6, 0, 0, 65538, 2, 0, 65539, 1, 0, 65540, 1, 0, 65541, 1, 0, 65542, 4, 0 )

[node name="GameController" parent="LevelComponents" index="8"]
next_scene = "res://scenes/world-4/level4-7.tscn"
world = 4

[node name="UnstopableEnemyN" parent="LevelComponents" instance=ExtResource( 3 )]
position = Vector2( 973, -450 )

[node name="UnstopableEnemyP2" parent="LevelComponents" instance=ExtResource( 4 )]
position = Vector2( 210, -460 )
init_vel = Vector2( -500, 0 )

[node name="BlockEnemyN" parent="LevelComponents" instance=ExtResource( 5 )]
position = Vector2( 310, -450 )

[node name="BlockEnemyP" parent="LevelComponents" instance=ExtResource( 6 )]
position = Vector2( 840, -440 )

[editable path="LevelComponents"]

[editable path="LevelComponents/Portal"]
