[gd_scene load_steps=12 format=2]

[ext_resource path="res://scenes/utils/LevelComponents.tscn" type="PackedScene" id=1]
[ext_resource path="res://shaders/world-4.shader" type="Shader" id=2]
[ext_resource path="res://scenes/agents/BlockEnemyN.tscn" type="PackedScene" id=3]
[ext_resource path="res://scenes/agents/BlockEnemyP.tscn" type="PackedScene" id=4]
[ext_resource path="res://scenes/agents/SimpleEnemyN.tscn" type="PackedScene" id=5]
[ext_resource path="res://scenes/agents/SimpleEnemyP.tscn" type="PackedScene" id=6]
[ext_resource path="res://scenes/agents/StrongEnemyN.tscn" type="PackedScene" id=7]
[ext_resource path="res://scenes/agents/StrongEnemyP.tscn" type="PackedScene" id=8]
[ext_resource path="res://scenes/agents/UnstopableEnemyP.tscn" type="PackedScene" id=9]
[ext_resource path="res://scenes/agents/UnstopableEnemyN.tscn" type="PackedScene" id=10]

[sub_resource type="ShaderMaterial" id=1]
shader = ExtResource( 2 )
shader_param/level = 8

[node name="root" type="Node2D"]

[node name="LevelComponents" parent="." instance=ExtResource( 1 )]

[node name="KeyR" parent="LevelComponents" index="0"]
position = Vector2( 290, 630 )

[node name="KeyG" parent="LevelComponents" index="1"]
position = Vector2( 320, -580 )

[node name="KeyB" parent="LevelComponents" index="2"]
position = Vector2( -560, 0 )

[node name="ParallaxBackground" parent="LevelComponents" index="6"]
editor/display_folded = false

[node name="Sprite" parent="LevelComponents/ParallaxBackground/ParallaxLayer" index="0"]
material = SubResource( 1 )

[node name="TileMap" parent="LevelComponents" index="7"]
tile_data = PoolIntArray( -655361, 6, 0, -720896, 7, 0, -589826, 6, 0, -589825, 9, 0, -655360, 8, 0, -655359, 7, 0, -524291, 6, 0, -524290, 9, 0, -589823, 8, 0, -589822, 7, 0, -458756, 6, 0, -458755, 9, 0, -524286, 8, 0, -524285, 7, 0, -393221, 6, 0, -393220, 9, 0, -458749, 8, 0, -458748, 7, 0, -327686, 6, 0, -327685, 9, 0, -393212, 8, 0, -393211, 7, 0, -262151, 6, 0, -262150, 9, 0, -327675, 8, 0, -327674, 7, 0, -196615, 0, 0, -262138, 0, 0, -131079, 0, 0, -196602, 0, 0, -65543, 0, 0, -131066, 0, 0, -7, 0, 0, -65530, 0, 0, 65529, 0, 0, 6, 0, 0, 131065, 0, 0, 65542, 0, 0, 196601, 0, 0, 131078, 0, 0, 262137, 0, 0, 196614, 0, 0, 327673, 8, 0, 327674, 7, 0, 262149, 6, 0, 262150, 9, 0, 393210, 8, 0, 393211, 7, 0, 327684, 6, 0, 327685, 9, 0, 458747, 8, 0, 458748, 7, 0, 393219, 6, 0, 393220, 9, 0, 524284, 8, 0, 524285, 7, 0, 458754, 6, 0, 458755, 9, 0, 589821, 8, 0, 589822, 7, 0, 524289, 6, 0, 524290, 9, 0, 655358, 8, 0, 655359, 7, 0, 589824, 6, 0, 589825, 9, 0, 720895, 8, 0, 655360, 9, 0 )

[node name="GameController" parent="LevelComponents" index="8"]
next_scene = "res://scenes/world-4/level4-9.tscn"
world = 4

[node name="BlockEnemyN" parent="LevelComponents" instance=ExtResource( 3 )]
position = Vector2( 0, -680 )

[node name="BlockEnemyN2" parent="LevelComponents" instance=ExtResource( 3 )]
position = Vector2( -450, 310 )
rotation = 1.0472

[node name="BlockEnemyN3" parent="LevelComponents" instance=ExtResource( 3 )]
position = Vector2( 440, 300 )
rotation = 2.09439

[node name="BlockEnemyP" parent="." instance=ExtResource( 4 )]
position = Vector2( 0, 680 )

[node name="BlockEnemyP2" parent="." instance=ExtResource( 4 )]
position = Vector2( 470, -310 )
rotation = 1.0472

[node name="BlockEnemyP3" parent="." instance=ExtResource( 4 )]
position = Vector2( -450, -260 )
rotation = 2.09439

[node name="SimpleEnemyN" parent="." instance=ExtResource( 5 )]
position = Vector2( -300, 610.5 )

[node name="SimpleEnemyP" parent="." instance=ExtResource( 6 )]
position = Vector2( 320, -580 )

[node name="StrongEnemyN" parent="." instance=ExtResource( 7 )]
position = Vector2( 550, 10 )

[node name="StrongEnemyP" parent="." instance=ExtResource( 8 )]
position = Vector2( -560, 8.37892 )

[node name="UnstopableEnemyP" parent="." instance=ExtResource( 9 )]
position = Vector2( 290, 620 )

[node name="UnstopableEnemyN" parent="." instance=ExtResource( 10 )]
position = Vector2( -280, -560 )
init_vel = Vector2( -500, 0 )

[editable path="LevelComponents"]

[editable path="LevelComponents/Portal"]
