[gd_scene load_steps=7 format=2]

[ext_resource path="res://scenes/utils/LevelComponents.tscn" type="PackedScene" id=1]
[ext_resource path="res://shaders/world-4.shader" type="Shader" id=2]
[ext_resource path="res://scenes/agents/BlockEnemyN.tscn" type="PackedScene" id=3]
[ext_resource path="res://scenes/agents/SimpleEnemyP.tscn" type="PackedScene" id=4]
[ext_resource path="res://scenes/agents/StrongEnemyN.tscn" type="PackedScene" id=5]

[sub_resource type="ShaderMaterial" id=1]
shader = ExtResource( 2 )
shader_param/level = 4

[node name="root" type="Node2D"]

[node name="LevelComponents" parent="." instance=ExtResource( 1 )]

[node name="KeyR" parent="LevelComponents" index="0"]
visible = false
position = Vector2( 0, -960 )
picked = true

[node name="KeyG" parent="LevelComponents" index="1"]
visible = false
position = Vector2( 280, -490 )
picked = true

[node name="KeyB" parent="LevelComponents" index="2"]
visible = false
position = Vector2( 928, 0 )
picked = true

[node name="Portal" parent="LevelComponents" index="3"]
position = Vector2( -2010, 0 )

[node name="ParallaxBackground" parent="LevelComponents" index="6"]
editor/display_folded = false

[node name="Sprite" parent="LevelComponents/ParallaxBackground/ParallaxLayer" index="0"]
material = SubResource( 1 )

[node name="TileMap" parent="LevelComponents" index="7"]
tile_data = PoolIntArray( -327693, 6, 0, -327692, 1, 0, -327691, 1, 0, -327690, 1, 0, -327689, 1, 0, -327688, 1, 0, -327687, 1, 0, -327686, 1, 0, -327685, 1, 0, -327684, 7, 0, -262158, 6, 0, -262157, 9, 0, -262148, 8, 0, -262147, 7, 0, -196623, 6, 0, -196622, 9, 0, -196611, 8, 0, -196610, 7, 0, -131087, 0, 0, -131074, 8, 0, -131073, 7, 0, -65553, 6, 0, -65552, 1, 0, -65551, 4, 0, -65537, 8, 0, -131072, 7, 0, -17, 0, 0, -65536, 8, 0, -65535, 7, 0, 65519, 0, 0, 0, 6, 0, 1, 9, 0, 131055, 8, 0, 131056, 1, 0, 131057, 5, 0, 131071, 6, 0, 65536, 9, 0, 196593, 0, 0, 196606, 6, 0, 196607, 9, 0, 262129, 8, 0, 262130, 7, 0, 262141, 6, 0, 262142, 9, 0, 327666, 8, 0, 327667, 7, 0, 327676, 6, 0, 327677, 9, 0, 393203, 8, 0, 393204, 1, 0, 393205, 1, 0, 393206, 1, 0, 393207, 1, 0, 393208, 1, 0, 393209, 1, 0, 393210, 1, 0, 393211, 1, 0, 393212, 9, 0 )

[node name="GameController" parent="LevelComponents" index="8"]
next_scene = "res://scenes/world-4/level4-5.tscn"
world = 4

[node name="BlockEnemyN" parent="LevelComponents" instance=ExtResource( 3 )]
position = Vector2( -560, 20 )
rotation = 3.14159

[node name="BlockEnemyN4" parent="LevelComponents" instance=ExtResource( 3 )]
position = Vector2( -1440, 0 )
rotation = 3.14159

[node name="BlockEnemyN2" parent="LevelComponents" instance=ExtResource( 3 )]
position = Vector2( -1030, 380 )
rotation = 1.57079

[node name="BlockEnemyN3" parent="LevelComponents" instance=ExtResource( 3 )]
position = Vector2( -1030, -380 )
rotation = 1.57079

[node name="SimpleEnemyP" parent="." instance=ExtResource( 4 )]
position = Vector2( -1950, 90 )

[node name="SimpleEnemyP18" parent="." instance=ExtResource( 4 )]
position = Vector2( -1950, -110 )

[node name="SimpleEnemyP2" parent="." instance=ExtResource( 4 )]
position = Vector2( -1750, -200 )

[node name="SimpleEnemyP8" parent="." instance=ExtResource( 4 )]
position = Vector2( -1630, 400 )

[node name="SimpleEnemyP3" parent="." instance=ExtResource( 4 )]
position = Vector2( -1630, -400 )

[node name="SimpleEnemyP9" parent="." instance=ExtResource( 4 )]
position = Vector2( -1430, 600 )

[node name="SimpleEnemyP13" parent="." instance=ExtResource( 4 )]
position = Vector2( -1230, 600 )

[node name="SimpleEnemyP14" parent="." instance=ExtResource( 4 )]
position = Vector2( -1030, 600 )

[node name="SimpleEnemyP15" parent="." instance=ExtResource( 4 )]
position = Vector2( -830, 605.5 )

[node name="SimpleEnemyP16" parent="." instance=ExtResource( 4 )]
position = Vector2( -630, 605.5 )

[node name="SimpleEnemyP17" parent="." instance=ExtResource( 4 )]
position = Vector2( -430, 410 )

[node name="SimpleEnemyP4" parent="." instance=ExtResource( 4 )]
position = Vector2( -1430, -590 )

[node name="SimpleEnemyP10" parent="." instance=ExtResource( 4 )]
position = Vector2( -1750, 200 )

[node name="SimpleEnemyP5" parent="." instance=ExtResource( 4 )]
position = Vector2( -1230, -590 )

[node name="SimpleEnemyP11" parent="." instance=ExtResource( 4 )]
position = Vector2( -430, -400 )

[node name="SimpleEnemyP6" parent="." instance=ExtResource( 4 )]
position = Vector2( -1030, -590 )

[node name="SimpleEnemyP12" parent="." instance=ExtResource( 4 )]
position = Vector2( -630, -600 )

[node name="SimpleEnemyP7" parent="." instance=ExtResource( 4 )]
position = Vector2( -830, -590 )

[node name="StrongEnemyN3" parent="." instance=ExtResource( 5 )]
position = Vector2( -1020, 0 )

[editable path="LevelComponents"]

[editable path="LevelComponents/Portal"]
