[gd_scene load_steps=9 format=2]

[ext_resource path="res://scripts/blackhole-enemy.gd" type="Script" id=1]
[ext_resource path="res://materials/pulsing-neon.tres" type="Material" id=2]
[ext_resource path="res://sprites/agents/Agent3N.png" type="Texture" id=3]
[ext_resource path="res://materials/blackhole-aura.tres" type="Material" id=4]
[ext_resource path="res://sprites/UI/MenuBox.png" type="Texture" id=5]

[sub_resource type="CircleShape2D" id=1]
radius = 55.0

[sub_resource type="Animation" id=2]
resource_name = "rotation"
loop = true
tracks/0/type = "value"
tracks/0/path = NodePath("Sprite:rotation_degrees")
tracks/0/interp = 1
tracks/0/loop_wrap = true
tracks/0/imported = false
tracks/0/enabled = true
tracks/0/keys = {
"times": PoolRealArray( 0, 1 ),
"transitions": PoolRealArray( 1, 1 ),
"update": 0,
"values": [ -180.0, 180.0 ]
}

[sub_resource type="CircleShape2D" id=3]
radius = 512.0

[node name="BlackholeEnemyN" type="Area2D"]
script = ExtResource( 1 )
charge = 0

[node name="Tween" type="Tween" parent="."]

[node name="CollisionShape2D" type="CollisionShape2D" parent="."]
shape = SubResource( 1 )

[node name="Sprite" type="Sprite" parent="CollisionShape2D"]
modulate = Color( 0.203922, 0.0235294, 0.309804, 1 )
material = ExtResource( 2 )
rotation = 3.14159
texture = ExtResource( 3 )

[node name="AnimationPlayer" type="AnimationPlayer" parent="CollisionShape2D"]
anims/rotation = SubResource( 2 )

[node name="Aura" type="Area2D" parent="."]

[node name="CollisionShape2D" type="CollisionShape2D" parent="Aura"]
shape = SubResource( 3 )

[node name="Sprite2" type="Sprite" parent="Aura/CollisionShape2D"]
modulate = Color( 0.407843, 0.0352941, 0.615686, 1 )
material = ExtResource( 4 )
scale = Vector2( 4, 4 )
z_index = -1
texture = ExtResource( 5 )
[connection signal="body_entered" from="." to="." method="_on_Blackhole_body_entered"]
[connection signal="body_entered" from="Aura" to="." method="_on_Aura_body_entered"]
[connection signal="body_exited" from="Aura" to="." method="_on_Aura_body_exited"]
