[gd_scene load_steps=6 format=2]

[ext_resource path="res://scripts/return-confirm-menu.gd" type="Script" id=1]
[ext_resource path="res://sprites/UI/MenuBox.png" type="Texture" id=2]
[ext_resource path="res://themes/default.tres" type="Theme" id=3]
[ext_resource path="res://fonts/title-font.tres" type="DynamicFont" id=4]
[ext_resource path="res://soundeffects/bip.wav" type="AudioStream" id=5]

[node name="ReturnConfirmMenu" type="Control"]
pause_mode = 2
modulate = Color( 0, 1, 1, 1 )
anchor_right = 1.0
anchor_bottom = 1.0
script = ExtResource( 1 )

[node name="NinePatchRect" type="NinePatchRect" parent="."]
anchor_top = 1.0
anchor_right = 1.0
anchor_bottom = 1.0
margin_top = -400.0
rect_min_size = Vector2( 0, 400 )
texture = ExtResource( 2 )
region_rect = Rect2( 80, 32, 100, 192 )
patch_margin_top = 46
patch_margin_bottom = 47

[node name="VBoxContainer" type="VBoxContainer" parent="NinePatchRect"]
anchor_top = 0.5
anchor_right = 1.0
anchor_bottom = 0.5
margin_top = -161.5
margin_bottom = 161.5
custom_constants/separation = 40
alignment = 1

[node name="CenterContainer" type="CenterContainer" parent="NinePatchRect"]
anchor_right = 1.0
anchor_bottom = 1.0

[node name="HBoxContainer" type="HBoxContainer" parent="NinePatchRect/CenterContainer"]
margin_left = 716.0
margin_top = 162.0
margin_right = 1203.0
margin_bottom = 237.0
custom_constants/separation = 256

[node name="Yes" type="Button" parent="NinePatchRect/CenterContainer/HBoxContainer"]
margin_right = 132.0
margin_bottom = 75.0
theme = ExtResource( 3 )
text = "YES"

[node name="No" type="Button" parent="NinePatchRect/CenterContainer/HBoxContainer"]
margin_left = 388.0
margin_right = 487.0
margin_bottom = 75.0
theme = ExtResource( 3 )
text = "NO"

[node name="NinePatchRect2" type="NinePatchRect" parent="."]
anchor_right = 1.0
margin_bottom = 400.0
rect_min_size = Vector2( 0, 500 )
texture = ExtResource( 2 )
region_rect = Rect2( 80, 32, 100, 192 )
patch_margin_top = 46
patch_margin_bottom = 47

[node name="VBoxContainer2" type="VBoxContainer" parent="NinePatchRect2"]
anchor_right = 1.0
anchor_bottom = 1.0
custom_constants/separation = 40
alignment = 1

[node name="ConfirmText" type="Label" parent="NinePatchRect2/VBoxContainer2"]
margin_top = 217.0
margin_right = 1920.0
margin_bottom = 282.0
custom_fonts/font = ExtResource( 4 )
text = "Are you sure you want to return to title?"
align = 1
valign = 1
autowrap = true
uppercase = true

[node name="CenterContainer" type="CenterContainer" parent="NinePatchRect2"]
anchor_right = 1.0
anchor_bottom = 1.0

[node name="AudioStreamPlayer" type="AudioStreamPlayer" parent="."]
stream = ExtResource( 5 )
volume_db = -10.0
[connection signal="visibility_changed" from="." to="." method="_on_ReturnConfirmMenu_visibility_changed"]
[connection signal="mouse_entered" from="NinePatchRect/CenterContainer/HBoxContainer/Yes" to="." method="_on_Yes_mouse_entered"]
[connection signal="pressed" from="NinePatchRect/CenterContainer/HBoxContainer/Yes" to="." method="_on_Yes_pressed"]
[connection signal="mouse_entered" from="NinePatchRect/CenterContainer/HBoxContainer/No" to="." method="_on_No_mouse_entered"]
[connection signal="pressed" from="NinePatchRect/CenterContainer/HBoxContainer/No" to="." method="_on_No_pressed"]
